	@inproceedings{Erman:2006:TCU:1162678.1162679,
		author = {Erman, Jeffrey and Arlitt, Martin and Mahanti, Anirban},
		title = {Traffic Classification Using Clustering Algorithms},
		booktitle = {Proceedings of the 2006 SIGCOMM Workshop on Mining Network Data},
		series = {MineNet '06},
		year = {2006},
		isbn = {1-59593-569-X},
		location = {Pisa, Italy},
		pages = {281--286},
		numpages = {6},
		url = {http://doi.acm.org/10.1145/1162678.1162679},
		doi = {10.1145/1162678.1162679},
		acmid = {1162679},
		publisher = {ACM},
		address = {New York, NY, USA},
		keywords = {classification, machine learning, unsupervised clustering},
	} 
	
	@inproceedings{Bernaille:2006:EAI:1368436.1368445,
		author = {Bernaille, Laurent and Teixeira, Renata and Salamatian, Kave},
		title = {Early Application Identification},
		booktitle = {Proceedings of the 2006 ACM CoNEXT Conference},
		series = {CoNEXT '06},
		year = {2006},
		isbn = {1-59593-456-1},
		location = {Lisboa, Portugal},
		pages = {6:1--6:12},
		articleno = {6},
		numpages = {12},
		url = {http://doi.acm.org/10.1145/1368436.1368445},
		doi = {10.1145/1368436.1368445},
		acmid = {1368445},
		publisher = {ACM},
		address = {New York, NY, USA},
		keywords = {applications, machine learning, traffic classification},
	} 
	
	@inproceedings{Szabo:2011:APS:2151688.2151721,
		author = {Szab\'{o}, G{\'e}za and Tur\'{a}nyi, Zolt\'{a}n and Toka, L\'{a}szl\'{o} and Moln\'{a}r, S\'{a}ndor and Santos, Alysson},
		title = {Automatic Protocol Signature Generation Framework for Deep Packet Inspection},
		booktitle = {Proceedings of the 5th International ICST Conference on Performance Evaluation Methodologies and Tools},
		series = {VALUETOOLS '11},
		year = {2011},
		isbn = {978-1-936968-09-1},
		location = {Paris, France},
		pages = {291--299},
		numpages = {9},
		url = {http://dl.acm.org/citation.cfm?id=2151688.2151721},
		acmid = {2151721},
		publisher = {ICST (Institute for Computer Sciences, Social-Informatics and Telecommunications Engineering)},
		address = {ICST, Brussels, Belgium, Belgium},
		keywords = {automatic protocol signature generation, deep packet inspection, motif finding},
	} 
	
	@article{erman2007offline,
		title={Offline/realtime traffic classification using semi-supervised learning},
		author={Erman, Jeffrey and Mahanti, Anirban and Arlitt, Martin and Cohen, Ira and Williamson, Carey},
		journal={Performance Evaluation},
		volume={64},
		number={9},
		pages={1194--1213},
		year={2007},
		publisher={Elsevier}
	}
	
	@inproceedings{haffner2005acas,
		title={ACAS: automated construction of application signatures},
		author={Haffner, Patrick and Sen, Subhabrata and Spatscheck, Oliver and Wang, Dongmei},
		booktitle={Proceedings of the 2005 ACM SIGCOMM workshop on Mining network data},
		pages={197--202},
		year={2005},
		organization={ACM}
	}
	
	@incollection{mcgregor2004flow,
		title={Flow clustering using machine learning techniques},
		author={McGregor, Anthony and Hall, Mark and Lorier, Perry and Brunskill, James},
		booktitle={Passive and Active Network Measurement},
		pages={205--214},
		year={2004},
		publisher={Springer}
	}
	
	@incollection{berkhin2006survey,
		title={A survey of clustering data mining techniques},
		author={Berkhin, Pavel},
		booktitle={Grouping multidimensional data},
		pages={25--71},
		year={2006},
		publisher={Springer}
	}
	
	@inproceedings{karagiannis2005blinc,
		title={BLINC: multilevel traffic classification in the dark},
		author={Karagiannis, Thomas and Papagiannaki, Konstantina and Faloutsos, Michalis},
		booktitle={ACM SIGCOMM Computer Communication Review},
		volume={35},
		number={4},
		pages={229--240},
		year={2005},
		organization={ACM}
	}
	
	@inproceedings{karagiannis2004transport,
		title={Transport layer identification of P2P traffic},
		author={Karagiannis, Thomas and Broido, Andre and Faloutsos, Michalis and others},
		booktitle={Proceedings of the 4th ACM SIGCOMM conference on Internet measurement},
		pages={121--134},
		year={2004},
		organization={ACM}
	}